<?xml version="1.0" encoding="utf-8"?>
<record xmlns="http://www.loc.gov/MARC21/slim" xmlns:xsi="http://www.w3.org/2001/XMLSchema-instance" xsi:schemaLocation="http://www.loc.gov/MARC21/slim http://www.loc.gov/standards/marcxml/schema/MARC21slim.xsd">
	<leader>     nam a22     Mi 4500</leader>
	<controlfield tag="001">b12373308</controlfield>
	<controlfield tag="003">LeBAU</controlfield>
	<controlfield tag="006">m        d        </controlfield>
	<controlfield tag="007">cr cn |||m|||a</controlfield>
	<controlfield tag="008">200121s1947    ua afh  ob    ||0 0 ara d</controlfield>
	<datafield ind1=" " ind2=" " tag="040">
		<subfield code="a">ZYU</subfield>
		<subfield code="b">ara</subfield>
		<subfield code="e">rda</subfield>
		<subfield code="c">ZYU</subfield>
	</datafield>
	<datafield ind1="0" ind2="4" tag="082">
		<subfield code="a">297.3</subfield>
		<subfield code="2">22</subfield>
	</datafield>
	<datafield ind1="1" ind2=" " tag="100">
		<subfield code="6">880-01</subfield>
		<subfield code="a">Bāqillānī, Muḥammad ibn al-Ṭayyib,</subfield>
		<subfield code="d">-1013,</subfield>
		<subfield code="e">author.</subfield>
	</datafield>
	<datafield ind1="1" ind2="3" tag="245">
		<subfield code="6">880-02</subfield>
		<subfield code="a">al-Tamhīd fī al-radd ʻalá al-mulḥidah al-muʻaṭṭilah wa-al-Rāfiḍah wa-al-Khawārij wa-al-Muʻtazilah /</subfield>
		<subfield code="c">ta'līf al-imām Abī Bakr Muḥammad ibn al-Ṭayyib ibn al-Bāqillānī, al-mutawaffá ʻām 403 H. ; ḍabaṭahu wa-qaddama la-hu wa-ʻallaqa ʻalayhi Maḥmūd Muḥammad al-Khuḍayrī, al-mudīr al-musāʻid lil-buḥūth wa-al-thaqāfah al-Islāmīyah bi-al-Azhar al-sharīf wa-Muḥammad ʻAbd al-Hādī Abū Rīdah, mudarris al-falsafah bi-kullīyat al-Ādāb bi-Jāmiʻat Fuʼād al-Awwal.</subfield>
	</datafield>
	<datafield ind1=" " ind2="1" tag="264">
		<subfield code="6">880-03</subfield>
		<subfield code="a">al-Qāhirah :</subfield>
		<subfield code="b">Dār al-Fikr al-ʻArabī,</subfield>
		<subfield code="c">1366 H. = 1947 M.</subfield>
	</datafield>
	<datafield ind1=" " ind2=" " tag="300">
		<subfield code="6">880-04</subfield>
		<subfield code="a">online resource (288 pages, 2 unnumbered leaves of plates) :</subfield>
		<subfield code="b">illustrations, facsimiles</subfield>
	</datafield>
	<datafield ind1=" " ind2=" " tag="336">
		<subfield code="a">text</subfield>
		<subfield code="2">rdacontent</subfield>
	</datafield>
	<datafield ind1=" " ind2=" " tag="337">
		<subfield code="a">computer</subfield>
		<subfield code="2">rdamedia</subfield>
	</datafield>
	<datafield ind1=" " ind2=" " tag="338">
		<subfield code="a">online resource</subfield>
		<subfield code="2">rdacarrier</subfield>
	</datafield>
	<datafield ind1=" " ind2=" " tag="500">
		<subfield code="a">Part of the Arabic Collections Online (ACO) project, contributed by American University of Beirut's Jafet Memorial Library.</subfield>
	</datafield>
	<datafield ind1=" " ind2=" " tag="533">
		<subfield code="a">Electronic reproduction.</subfield>
		<subfield code="b">New York, N.Y. :</subfield>
		<subfield code="c">New York University,</subfield>
		<subfield code="d">2020.</subfield>
		<subfield code="5">NNU</subfield>
	</datafield>
	<datafield ind1=" " ind2="0" tag="650">
		<subfield code="6">880-05</subfield>
		<subfield code="a">Islamic sects</subfield>
		<subfield code="v">Controversial literature</subfield>
		<subfield code="v">Early works to 1800.</subfield>
	</datafield>
	<datafield ind1=" " ind2="0" tag="650">
		<subfield code="6">880-06</subfield>
		<subfield code="a">Islam</subfield>
		<subfield code="v">Apologetic works</subfield>
		<subfield code="v">Early works to 1800.</subfield>
	</datafield>
	<datafield ind1="1" ind2=" " tag="700">
		<subfield code="6">880-07</subfield>
		<subfield code="a">Abū Rīdah, Muḥammad ʻAbd al-Hādī,</subfield>
		<subfield code="e">compiler.</subfield>
	</datafield>
	<datafield ind1="1" ind2=" " tag="700">
		<subfield code="6">880-08</subfield>
		<subfield code="a">Khuḍayrī, Maḥmūd Muḥammad,</subfield>
		<subfield code="e">compiler.</subfield>
	</datafield>
	<datafield ind1="2" ind2=" " tag="710">
		<subfield code="a">Jafet Memorial Library.</subfield>
	</datafield>
	<datafield ind1="0" ind2=" " tag="730">
		<subfield code="a">Arabic Collections Online.</subfield>
	</datafield>
	<datafield ind1="0" ind2="8" tag="776">
		<subfield code="i">Print version:</subfield>
		<subfield code="a">Bāqillānī, Muḥammad ibn al-Ṭayyib, -1013, author.</subfield>
		<subfield code="t">al-Tamhīd fī al-radd ʻalá al-mulḥidah al-muʻaṭṭilah wa-al-Rāfiḍah wa-al-Khawārij wa-al-Muʻtazilah</subfield>
		<subfield code="w">(LeBAU)b12373308</subfield>
	</datafield>
	<datafield ind1="4" ind2="0" tag="856">
		<subfield code="u">http://hdl.handle.net/2333.1/fj6q5hgd</subfield>
	</datafield>
	<datafield ind1="1" ind2=" " tag="880">
		<subfield code="6">100-01</subfield>
		<subfield code="a">الباقلاني، محمد بن الطيب،</subfield>
		<subfield code="d">-1013،</subfield>
		<subfield code="e">مؤلف.</subfield>
		<subfield code="4">aut.</subfield>
	</datafield>
	<datafield ind1="1" ind2="2" tag="880">
		<subfield code="6">245-02</subfield>
		<subfield code="a">التمهيد في الرد على الملحدة المعطلة والرافضة والخوارج والمعتزلة /</subfield>
		<subfield code="c">تأليف الإمام أبي بكر محمد بن الطيب بن الباقلاني، المتوفى عام 403 هـ. ؛ ضبطه وقدم له وعلق عليه محمود محمد الخضيري، المدير المساعد للبحوث والثقافة الإسلامية بالأزهر الشريف ومحمد عبد الهادي أبو ريدة، مدرس الفلسفة بكلية الآداب بجامعة فؤاد الأول.</subfield>
	</datafield>
	<datafield ind1=" " ind2="1" tag="880">
		<subfield code="6">264-03</subfield>
		<subfield code="a">القاهرة :</subfield>
		<subfield code="b">دار الفكر العربي،</subfield>
		<subfield code="c">1366 هـ. = 1947 م.</subfield>
	</datafield>
	<datafield ind1=" " ind2=" " tag="880">
		<subfield code="6">300-04</subfield>
		<subfield code="a">288 صفحة، 2 ورقة لوحات غير مرقمة :</subfield>
		<subfield code="b">مصورات، صور طبق الصل ؛</subfield>
		<subfield code="c">23 سم</subfield>
	</datafield>
	<datafield ind1=" " ind2=" " tag="880">
		<subfield code="6">504-00</subfield>
		<subfield code="a">يتضمن مراجع ببليوغرافية.</subfield>
	</datafield>
	<datafield ind1=" " ind2="4" tag="880">
		<subfield code="6">650-05</subfield>
		<subfield code="a">الفرق الإسلامية</subfield>
		<subfield code="v">الأدب الجدلي</subfield>
		<subfield code="v">أعمال قديمة حتى 1800.</subfield>
	</datafield>
	<datafield ind1=" " ind2="4" tag="880">
		<subfield code="6">650-06</subfield>
		<subfield code="a">الاسلام</subfield>
		<subfield code="x">أعمال دفع المطاعن الدينية</subfield>
		<subfield code="v">أعمال قديمة حتى 1800.</subfield>
	</datafield>
	<datafield ind1="1" ind2=" " tag="880">
		<subfield code="6">700-07</subfield>
		<subfield code="a">ابو ريدة، محمد عبد الهادي،</subfield>
		<subfield code="e">معد.</subfield>
		<subfield code="4">com.</subfield>
	</datafield>
	<datafield ind1="1" ind2=" " tag="880">
		<subfield code="6">700-08</subfield>
		<subfield code="a">الخضيري، محمود محمد،</subfield>
		<subfield code="e">معد.</subfield>
		<subfield code="4">com.</subfield>
	</datafield>
	<datafield ind1=" " ind2=" " tag="959">
		<subfield code="a">NNU</subfield>
		<subfield code="b">WEB</subfield>
		<subfield code="c">GENI</subfield>
		<subfield code="t">0</subfield>
		<subfield code="m">Electronic access</subfield>
		<subfield code="s">01</subfield>
	</datafield>
	<datafield ind1=" " ind2=" " tag="999">
		<subfield code="i">LeBAU_b12373308</subfield>
		<subfield code="s">aub_aco002451</subfield>
		<subfield code="e">(ERROR-MISC)</subfield>
		<subfield code="s">aub_aco002451</subfield>
	</datafield>
</record>
